@book{bishop2006pattern,
  title={Pattern recognition and machine learning},
  author={Bishop, Christopher M and Nasrabadi, Nasser M},
  volume={4},
  year={2006},
  publisher={Springer}
}

@article{bottou2018optimization,
  title={Optimization methods for large-scale machine learning},
  author={Bottou, L{\'e}on and Curtis, Frank E and Nocedal, Jorge},
  journal={SIAM review},
  volume={60},
  number={2},
  pages={223--311},
  year={2018},
  publisher={SIAM}
}

@inproceedings{woodworth2016tight,
  title={Tight complexity bounds for optimizing composite objectives},
  author={Woodworth, Blake E and Srebro, Nati},
  booktitle={Twenty-ninth Conference on Neural Information Processing Systems},
  year={2016}
}

@inproceedings{allen2017katyusha,
  title={Katyusha: The first direct acceleration of stochastic gradient methods},
  author={Allen-Zhu, Zeyuan},
  booktitle={Proceedings of the 49th Annual ACM SIGACT Symposium on Theory of Computing},
  pages={1200--1205},
  year={2017}
}

@article{schmidt2017minimizing,
  title={Minimizing finite sums with the stochastic average gradient},
  author={Schmidt, Mark and Le Roux, Nicolas and Bach, Francis},
  journal={Mathematical Programming},
  volume={162},
  pages={83--112},
  year={2017},
  publisher={Springer}
}

@article{cortes1995support,
  title={Support-vector networks},
  author={Cortes, Corinna and Vapnik, Vladimir},
  journal={Machine learning},
  volume={20},
  pages={273--297},
  year={1995},
  publisher={Springer}
}

@book{scholkopf2002learning,
  title={Learning with kernels: support vector machines, regularization, optimization, and beyond},
  author={Sch{\"o}lkopf, Bernhard and Smola, Alexander J},
  year={2002},
  publisher={MIT press}
}

@book{murphy2012machine,
  title={Machine learning: a probabilistic perspective},
  author={Murphy, Kevin P},
  year={2012},
  publisher={MIT press}
}

@book{hastie2009elements,
  title={The elements of statistical learning: data mining, inference, and prediction},
  author={Hastie, Trevor and Tibshirani, Robert and Friedman, Jerome H and Friedman, Jerome H},
  volume={2},
  year={2009},
  publisher={Springer}
}

@inproceedings{johnson2013accelerating,
  title={Accelerating stochastic gradient descent using predictive variance reduction},
  author={Johnson, Rie and Zhang, Tong},
  booktitle={Twenty-sixth Conference on Neural Information Processing Systems},
  year={2013}
}

@inproceedings{defazio2014saga,
  title={SAGA: A fast incremental gradient method with support for non-strongly convex composite objectives},
  author={Defazio, Aaron and Bach, Francis and Lacoste-Julien, Simon},
  booktitle={Twenty-seventh Conference on Neural Information Processing Systems},
  year={2014}
}

@inproceedings{rodomanov2016superlinearly,
  title={A superlinearly-convergent proximal Newton-type method for the optimization of finite sums},
  author={Rodomanov, Anton and Kropotov, Dmitry},
  booktitle={International Conference on Machine Learning},
  pages={2597--2605},
  year={2016},
  organization={PMLR}
}

@book{nesterov2003introductory,
  title={Introductory lectures on convex optimization: A basic course},
  author={Nesterov, Yurii},
  volume={87},
  year={2003},
  publisher={Springer Science \& Business Media}
}


@article{lucchi2015variance,
  title={A variance reduced stochastic Newton method},
  author={Lucchi, Aurelien and McWilliams, Brian and Hofmann, Thomas},
  journal={arXiv preprint arXiv:1503.08316},
  year={2015}
}

@inproceedings{moritz2016linearly,
  title={A linearly-convergent stochastic L-BFGS algorithm},
  author={Moritz, Philipp and Nishihara, Robert and Jordan, Michael},
  booktitle={Artificial Intelligence and Statistics},
  pages={249--258},
  year={2016},
  organization={PMLR}
}

@article{mokhtari2018iqn,
  title={IQN: An incremental quasi-Newton method with local superlinear convergence rate},
  author={Mokhtari, Aryan and Eisen, Mark and Ribeiro, Alejandro},
  journal={SIAM Journal on Optimization},
  volume={28},
  number={2},
  pages={1670--1698},
  year={2018},
  publisher={SIAM}
}

@inproceedings{gao2020incremental,
  title={Incremental greedy BFGS: An incremental quasi-Newton method with explicit superlinear rate},
  author={Gao, Zhan and Koppel, Alec and Ribeiro, Alejandro},
  booktitle={Advanced Neural Information Processing System 12th OPT Workshop Optimization on Machine Learning},
  year={2020}
}

@article{lahoti2023sharpened,
  title={Sharpened Lazy Incremental Quasi-Newton Method},
  author={Lahoti, Aakash and Senapati, Spandan and Rajawat, Ketan and Koppel, Alec},
  journal={arXiv preprint arXiv:2305.17283},
  year={2023}
}

@article{rodomanov2021greedy,
  title={Greedy quasi-Newton methods with explicit superlinear convergence},
  author={Rodomanov, Anton and Nesterov, Yurii},
  journal={SIAM Journal on Optimization},
  volume={31},
  number={1},
  pages={785--811},
  year={2021},
  publisher={SIAM}
}

@article{conn1991convergence,
  title={Convergence of quasi-Newton matrices generated by the symmetric rank one update},
  author={Conn, Andrew R and Gould, Nicholas IM and Toint, Ph L},
  journal={Mathematical programming},
  volume={50},
  number={1-3},
  pages={177--195},
  year={1991},
  publisher={Springer}
}

@article{broyden1965class,
  title={A class of methods for solving nonlinear simultaneous equations},
  author={Broyden, Charles G},
  journal={Mathematics of computation},
  volume={19},
  number={92},
  pages={577--593},
  year={1965}
}

@article{broyden1973local,
  title={On the local and superlinear convergence of quasi-Newton methods},
  author={Broyden, Charles George and Dennis Jr, John E and Mor{\'e}, Jorge J},
  journal={IMA Journal of Applied Mathematics},
  volume={12},
  number={3},
  pages={223--245},
  year={1973},
  publisher={Oxford University Press}
}

@article{gay1979some,
  title={Some convergence properties of Broydenâ€™s method},
  author={Gay, David M},
  journal={SIAM Journal on Numerical Analysis},
  volume={16},
  number={4},
  pages={623--630},
  year={1979},
  publisher={SIAM}
}

@article{davidon1991variable,
  title={Variable metric method for minimization},
  author={Davidon, William C},
  journal={SIAM Journal on optimization},
  volume={1},
  number={1},
  pages={1--17},
  year={1991},
  publisher={SIAM}
}

@article{fletcher1963rapidly,
  title={A rapidly convergent descent method for minimization},
  author={Fletcher, Roger and Powell, Michael JD},
  journal={The computer journal},
  volume={6},
  number={2},
  pages={163--168},
  year={1963},
  publisher={The British Computer Society}
}

@article{broyden1970convergence,
  title={The convergence of single-rank quasi-Newton methods},
  author={Broyden, Charles G},
  journal={Mathematics of Computation},
  volume={24},
  number={110},
  pages={365--382},
  year={1970}
}

@article{fletcher1970new,
  title={A new approach to variable metric algorithms},
  author={Fletcher, Roger},
  journal={The computer journal},
  volume={13},
  number={3},
  pages={317--322},
  year={1970},
  publisher={Oxford University Press}
}

@article{goldfarb1970family,
  title={A family of variable-metric methods derived by variational means},
  author={Goldfarb, Donald},
  journal={Mathematics of computation},
  volume={24},
  number={109},
  pages={23--26},
  year={1970}
}

@article{shanno1970conditioning,
  title={Conditioning of quasi-Newton methods for function minimization},
  author={Shanno, David F},
  journal={Mathematics of computation},
  volume={24},
  number={111},
  pages={647--656},
  year={1970}
}

@article{nocedal1980updating,
  title={Updating quasi-Newton matrices with limited storage},
  author={Nocedal, Jorge},
  journal={Mathematics of computation},
  volume={35},
  number={151},
  pages={773--782},
  year={1980}
}

@article{liu1989limited,
  title={On the limited memory BFGS method for large scale optimization},
  author={Liu, Dong C and Nocedal, Jorge},
  journal={Mathematical programming},
  volume={45},
  number={1-3},
  pages={503--528},
  year={1989},
  publisher={Springer}
}

@article{powell1971convergence,
  title={On the convergence of the variable metric algorithm},
  author={Powell, Micheal JD},
  journal={IMA Journal of Applied Mathematics},
  volume={7},
  number={1},
  pages={21--36},
  year={1971},
  publisher={Oxford University Press}
}

@article{dixon1972quasi,
  title={Quasi-Newton algorithms generate identical points},
  author={Dixon, LCW},
  journal={Mathematical Programming},
  volume={2},
  pages={383--387},
  year={1972},
  publisher={Springer}
}

@article{dixon1972quasi_2,
  title={Quasi Newton techniques generate identical points II: the proofs of four new theorems},
  author={Dixon, LCW},
  journal={Mathematical Programming},
  volume={3},
  pages={345--358},
  year={1972},
  publisher={Springer}
}

@article{dennis1974characterization,
  title={A characterization of superlinear convergence and its application to quasi-Newton methods},
  author={Dennis, John E and Mor{\'e}, Jorge J},
  journal={Mathematics of computation},
  volume={28},
  number={126},
  pages={549--560},
  year={1974}
}

@article{rodomanov2021rates,
  title={Rates of superlinear convergence for classical quasi-Newton methods},
  author={Rodomanov, Anton and Nesterov, Yurii},
  journal={Mathematical Programming},
  pages={1--32},
  year={2021},
  publisher={Springer}
}

@article{rodomanov2021new,
  title={New results on superlinear convergence of classical quasi-Newton methods},
  author={Rodomanov, Anton and Nesterov, Yurii},
  journal={Journal of optimization theory and applications},
  volume={188},
  pages={744--769},
  year={2021},
  publisher={Springer}
}

@article{jin2023non,
  title={Non-asymptotic superlinear convergence of standard quasi-Newton methods},
  author={Jin, Qiujiang and Mokhtari, Aryan},
  journal={Mathematical Programming},
  volume={200},
  number={1},
  pages={425--473},
  year={2023},
  publisher={Springer}
}

@article{lin2022explicit,
  title={Explicit convergence rates of greedy and random quasi-Newton methods},
  author={Lin, Dachao and Ye, Haishan and Zhang, Zhihua},
  journal={The Journal of Machine Learning Research},
  volume={23},
  number={1},
  pages={7272--7311},
  year={2022},
  publisher={JMLRORG}
}

@article{schnabel1983quasi,
  title={Quasi-Newton methods using multiple secant equations},
  author={Schnabel, Robert B},
  journal={Computer Science Technical Reports},
  volume={244},
  number={41},
  pages={06},
  year={1983}
}

@article{o1994linear,
  title={The linear algebra of block quasi-Newton algorithms},
  author={O'Leary, Dianne P and Yeremin, A},
  journal={Linear Algebra and its Applications},
  volume={212},
  pages={153--168},
  year={1994},
  publisher={Elsevier}
}

@article{gower2017randomized,
  title={Randomized quasi-Newton updates are linearly convergent matrix inversion algorithms},
  author={Gower, Robert M and Richt{\'a}rik, Peter},
  journal={SIAM Journal on Matrix Analysis and Applications},
  volume={38},
  number={4},
  pages={1380--1409},
  year={2017},
  publisher={SIAM}
}

@inproceedings{gower2016stochastic,
  title={Stochastic block BFGS: Squeezing more curvature out of data},
  author={Gower, Robert and Goldfarb, Donald and Richt{\'a}rik, Peter},
  booktitle={International Conference on Machine Learning},
  pages={1869--1878},
  year={2016},
  organization={PMLR}
}

@book{nocedal1999numerical,
  title={Numerical optimization},
  author={Nocedal, Jorge and Wright, Stephen J},
  year={1999},
  publisher={Springer}
}

@article{gao2018block,
  title={Block BFGS methods},
  author={Gao, Wenbo and Goldfarb, Donald},
  journal={SIAM Journal on Optimization},
  volume={28},
  number={2},
  pages={1205--1231},
  year={2018},
  publisher={SIAM}
}

@article{liu2023symmetric,
  title={Symmetric Rank-$ k $ Methods},
  author={Liu, Chengchang and Chen, Cheng and Luo, Luo},
  journal={arXiv preprint arXiv:2303.16188},
  year={2023}
}

@article{byrd2016stochastic,
  title={A stochastic quasi-Newton method for large-scale optimization},
  author={Byrd, Richard H and Hansen, Samantha L and Nocedal, Jorge and Singer, Yoram},
  journal={SIAM Journal on Optimization},
  volume={26},
  number={2},
  pages={1008--1031},
  year={2016},
  publisher={SIAM}
}

@article{mokhtari2014res,
  title={RES: Regularized stochastic BFGS algorithm},
  author={Mokhtari, Aryan and Ribeiro, Alejandro},
  journal={IEEE Transactions on Signal Processing},
  volume={62},
  number={23},
  pages={6089--6104},
  year={2014},
  publisher={IEEE}
}

@article{mokhtari2015global,
  title={Global convergence of online limited memory BFGS},
  author={Mokhtari, Aryan and Ribeiro, Alejandro},
  journal={The Journal of Machine Learning Research},
  volume={16},
  number={1},
  pages={3151--3181},
  year={2015},
  publisher={JMLR. org}
}

@article{chang2019accelerated,
  title={An accelerated linearly convergent stochastic L-BFGS algorithm},
  author={Chang, Daqing and Sun, Shiliang and Zhang, Changshui},
  journal={IEEE Transactions on neural networks and learning systems},
  volume={30},
  number={11},
  pages={3338--3346},
  year={2019},
  publisher={IEEE}
}

@article{ye2021explicit,
  title={Explicit superlinear convergence rates of the SR1 algorithm},
  author={Ye, Haishan and Lin, Dachao and Zhang, Zhihua and Chang, Xiangyu},
  journal={arXiv preprint arXiv:2105.07162},
  year={2021}
}

@article{pearlmutter1994fast,
  title={Fast exact multiplication by the Hessian},
  author={Pearlmutter, Barak A},
  journal={Neural computation},
  volume={6},
  number={1},
  pages={147--160},
  year={1994},
  publisher={MIT Press}
}


@article{wang2017stochastic,
  title={Stochastic quasi-Newton methods for nonconvex stochastic optimization},
  author={Wang, Xiao and Ma, Shiqian and Goldfarb, Donald and Liu, Wei},
  journal={SIAM Journal on Optimization},
  volume={27},
  number={2},
  pages={927--956},
  year={2017},
  publisher={SIAM}
}

@article{yang2021stochastic,
  title={A stochastic extra-step quasi-Newton method for nonsmooth nonconvex optimization},
  author={Yang, Minghan and Milzarek, Andre and Wen, Zaiwen and Zhang, Tong},
  journal={Mathematical Programming},
  pages={1--47},
  year={2021},
  publisher={Springer}
}


@inproceedings{liu2022quasi,
  title={Quasi-Newton Methods for Saddle Point Problems},
  author={Liu, Chengchang and Luo, Luo},
  booktitle={Thirty-fifth Conference on Neural Information Processing Systems},
  year={2022}
}

@inproceedings{liu2022partial,
  title={Partial-Quasi-Newton Methods: Efficient Algorithms for Minimax Optimization Problems with Unbalanced Dimensionality},
  author={Liu, Chengchang and Bi, Shuxian and Luo, Luo and Lui, John CS},
  booktitle={Proceedings of the 28th ACM SIGKDD Conference on Knowledge Discovery and Data Mining},
  pages={1031--1041},
  year={2022}
}

@inproceedings{liu2023block,
  title={Block Broyden's Methods for Solving Nonlinear Equations},
  author={Liu, Chengchang and Chen, Cheng and Luo, Luo and Lui, John CS},
  booktitle={Thirty-seventh Conference on Neural Information Processing Systems},
  year={2023}
}

@inproceedings{zhang2013linear,
  title={Linear convergence with condition number independent access of full gradients},
  author={Zhang, Lijun and Mahdavi, Mehrdad and Jin, Rong},
  booktitle={Twenty-sixth Conference on Neural Information Processing Systems},
  year={2013}
}